% Encoding: UTF-8

@Article{Grimme2011,
  author    = {Stefan Grimme and Stephan Ehrlich and Lars Goerigk},
  title     = {Effect of the damping function in dispersion corrected density functional theory},
  journal   = {J. Comput. Chem.},
  year      = {2011},
  volume    = {32},
  number    = {7},
  pages     = {1456--1465},
  doi       = {10.1002/jcc.21759},
  publisher = {Wiley},
}

@Article{Perdew1996,
  author    = {John P. Perdew and Kieron Burke and Matthias Ernzerhof},
  title     = {Generalized Gradient Approximation Made Simple},
  journal   = {Phys. Rev. Lett.},
  year      = {1996},
  volume    = {77},
  number    = {18},
  pages     = {3865--3868},
  doi       = {10.1103/physrevlett.77.3865},
  publisher = {American Physical Society ({APS})},
}

@Article{Perdew1997,
  author    = {John P. Perdew and Kieron Burke and Matthias Ernzerhof},
  title     = {Generalized Gradient Approximation Made Simple [Phys. Rev. Lett. 77, 3865 (1996)]},
  journal   = {Phys. Rev. Lett.},
  year      = {1997},
  volume    = {78},
  number    = {7},
  pages     = {1396--1396},
  doi       = {10.1103/physrevlett.78.1396},
  publisher = {American Physical Society ({APS})},
}

@Article{Adamo1999,
  author    = {Carlo Adamo and Vincenzo Barone},
  title     = {Toward reliable density functional methods without adjustable parameters: The {PBE}0 model},
  journal   = {J. Chem. Phys.},
  year      = {1999},
  volume    = {110},
  number    = {13},
  pages     = {6158--6170},
  doi       = {10.1063/1.478522},
  publisher = {{AIP} Publishing},
}

@Article{Ernzerhof1999,
  author    = {Matthias Ernzerhof and Gustavo E. Scuseria},
  title     = {Assessment of the Perdew{\textendash}Burke{\textendash}Ernzerhof exchange-correlation functional},
  journal   = {J. Chem. Phys.},
  year      = {1999},
  volume    = {110},
  number    = {11},
  pages     = {5029--5036},
  doi       = {10.1063/1.478401},
  publisher = {{AIP} Publishing},
}

@Misc{g16,
  author = {M. J. Frisch and G. W. Trucks and H. B. Schlegel and G. E. Scuseria and M. A. Robb and J. R. Cheeseman and G. Scalmani and V. Barone and G. A. Petersson and H. Nakatsuji and X. Li and M. Caricato and A. V. Marenich and J. Bloino and B. G. Janesko and R. Gomperts and B. Mennucci and H. P. Hratchian and J. V. Ortiz and A. F. Izmaylov and J. L. Sonnenberg and D. Williams-Young and F. Ding and F. Lipparini and F. Egidi and J. Goings and B. Peng and A. Petrone and T. Henderson and D. Ranasinghe and V. G. Zakrzewski and J. Gao and N. Rega and G. Zheng and W. Liang and M. Hada and M. Ehara and K. Toyota and R. Fukuda and J. Hasegawa and M. Ishida and T. Nakajima and Y. Honda and O. Kitao and H. Nakai and T. Vreven and K. Throssell and Montgomery, {Jr.}, J. A. and J. E. Peralta and F. Ogliaro and M. J. Bearpark and J. J. Heyd and E. N. Brothers and K. N. Kudin and V. N. Staroverov and T. A. Keith and R. Kobayashi and J. Normand and K. Raghavachari and A. P. Rendell and J. C. Burant and S. S. Iyengar and J. Tomasi and M. Cossi and J. M. Millam and M. Klene and C. Adamo and R. Cammi and J. W. Ochterski and R. L. Martin and K. Morokuma and O. Farkas and J. B. Foresman and D. J. Fox},
  title  = {Gaussian16 {R}evision {B}.01},
  year   = {2016},
  note   = {Gaussian Inc. Wallingford CT},
}

@Article{Schaefer1992,
  author    = {Ansgar Schäfer and Hans Horn and Reinhart Ahlrichs},
  title     = {Fully optimized contracted Gaussian basis sets for atoms Li to Kr},
  journal   = {J. Chem. Phys.},
  year      = {1992},
  volume    = {97},
  number    = {4},
  pages     = {2571--2577},
  doi       = {10.1063/1.463096},
  publisher = {{AIP} Publishing},
}

@Article{Schaefer1994,
  author    = {Ansgar Schäfer and Christian Huber and Reinhart Ahlrichs},
  title     = {Fully optimized contracted Gaussian basis sets of triple zeta valence quality for atoms Li to Kr},
  journal   = {J. Chem. Phys.},
  year      = {1994},
  volume    = {100},
  number    = {8},
  pages     = {5829--5835},
  doi       = {10.1063/1.467146},
  publisher = {{AIP} Publishing},
}

@Article{Weigend2005,
  author    = {Florian Weigend and Reinhart Ahlrichs},
  title     = {Balanced basis sets of split valence, triple zeta valence and quadruple zeta valence quality for H to Rn: Design and assessment of accuracy},
  journal   = {Phys. Chem. Chem. Phys.},
  year      = {2005},
  volume    = {7},
  number    = {18},
  pages     = {3297},
  doi       = {10.1039/b508541a},
  publisher = {Royal Society of Chemistry ({RSC})},
}

@Article{Weigend2006,
  author    = {Florian Weigend},
  title     = {Accurate Coulomb-fitting basis sets for H to Rn},
  journal   = {Phys. Chem. Chem. Phys.},
  year      = {2006},
  volume    = {8},
  number    = {9},
  pages     = {1057},
  doi       = {10.1039/b515623h},
  publisher = {Royal Society of Chemistry ({RSC})},
}

@Article{Grimme2017,
  author    = {Stefan Grimme and Christoph Bannwarth and Philip Shushkov},
  title     = {A Robust and Accurate Tight-Binding Quantum Chemical Method for Structures, Vibrational Frequencies, and Noncovalent Interactions of Large Molecular Systems Parametrized for All spd-Block Elements (Z = 1{\textendash}86)},
  journal   = {J. Chem. Theory Comput.},
  year      = {2017},
  volume    = {13},
  number    = {5},
  pages     = {1989--2009},
  doi       = {10.1021/acs.jctc.7b00118},
  publisher = {American Chemical Society ({ACS})},
}

@Article{Bannwarth2019,
  author    = {Christoph Bannwarth and Sebastian Ehlert and Stefan Grimme},
  title     = {{GFN}2-{xTB}{\textemdash}An Accurate and Broadly Parametrized Self-Consistent Tight-Binding Quantum Chemical Method with Multipole Electrostatics and Density-Dependent Dispersion Contributions},
  journal   = {J. Chem. Theory Comput.},
  year      = {2019},
  volume    = {15},
  number    = {3},
  pages     = {1652--1671},
  doi       = {10.1021/acs.jctc.8b01176},
  publisher = {American Chemical Society ({ACS})},
}

@Article{Bannwarth2018,
  author       = {Christoph Bannwarth and Sebastian Ehlert and Stefan Grimme},
  title        = {{GFN}2-{xTB} - an Accurate and Broadly Parametrized Self-Consistent Tight-Binding Quantum Chemical Method with Multipole Electrostatics and Density-Dependent Dispersion Contributions},
  journaltitle = {ChemRxiv Preprint},
  year         = {2018},
  doi          = {10.26434/chemrxiv.7246238.v2},
  publisher    = {American Chemical Society ({ACS})},
}

@Article{Grimme2019,
  author       = {Stefan Grimme},
  title        = {Exploration of Chemical Compound, Conformer, and Reaction Space with Meta-Dynamics Simulations Based on Tight-Binding Quantum Chemical Calculations},
  journaltitle = {ChemRxiv Preprint},
  year         = {2019},
  doi          = {10.26434/chemrxiv.7660532.v1},
  publisher    = {American Chemical Society ({ACS})},
}

@Set{gfn2xtb,
  entryset = {Grimme2017,Bannwarth2018,Bannwarth2019,Grimme2019},
}

@Set{pbe0,
  entryset = {Perdew1996,Perdew1997,Adamo1999,Ernzerhof1999},
}

@Set{def2,
  entryset = {Schaefer1992,Schaefer1994,Weigend2005,Weigend2006},
}

@Comment{jabref-meta: databaseType:biblatex;}
