% Encoding: UTF-8

@Article{Grimme2010,
  author    = {Stefan Grimme and Jens Antony and Stephan Ehrlich and Helge Krieg},
  title     = {A consistent and accurate ab initio parametrization of density functional dispersion correction ({DFT}-D) for the 94 elements H-Pu},
  journal   = {The Journal of Chemical Physics},
  year      = {2010},
  volume    = {132},
  number    = {15},
  pages     = {154104},
  doi       = {10.1063/1.3382344},
  publisher = {{AIP} Publishing},
}

@Article{Grimme2011,
  author    = {Stefan Grimme and Stephan Ehrlich and Lars Goerigk},
  title     = {Effect of the damping function in dispersion corrected density functional theory},
  journal   = {Journal of Computational Chemistry},
  year      = {2011},
  volume    = {32},
  number    = {7},
  pages     = {1456--1465},
  doi       = {10.1002/jcc.21759},
  publisher = {Wiley},
}

@Article{Smith2016,
  author    = {Daniel G. A. Smith and Lori A. Burns and Konrad Patkowski and C. David Sherrill},
  title     = {Revised Damping Parameters for the D3 Dispersion Correction to Density Functional Theory},
  journal   = {The Journal of Physical Chemistry Letters},
  year      = {2016},
  volume    = {7},
  number    = {12},
  pages     = {2197--2203},
  doi       = {10.1021/acs.jpclett.6b00780},
  publisher = {American Chemical Society ({ACS})},
}

@WWW{Grimme2017,
  author = {Stefan Grimme},
  title  = {List of functionals and coefficients for BJ-damping},
  year   = {2017},
  date   = {2017-07-12},
  url    = {https://www.chemie.uni-bonn.de/pctc/mulliken-center/software/dft-d3/functionalsbj},
}

@WWW{Gaussian2016,
  author = {{Gaussian, Inc.}},
  title  = {List of Gaussian 16 Rev B.01 Keywords},
  date   = {2018-03-14},
  url    = {http://gaussian.com/keywords/},
}

@Comment{jabref-meta: databaseType:biblatex;}
