% Encoding: UTF-8

@Article{Pyykkoe2012,
  author    = {Pekka Pyykkö},
  title     = {Refitted tetrahedral covalent radii for solids},
  journal   = {Phys. Rev. B},
  year      = {2012},
  volume    = {85},
  number    = {2},
  doi       = {10.1103/physrevb.85.024115},
  publisher = {American Physical Society ({APS})},
}

@Article{Pyykkoe2009,
  author    = {Pekka Pyykkö and Michiko Atsumi},
  title     = {Molecular Single-Bond Covalent Radii for Elements 1-118},
  journal   = {Chem. Eur. J.},
  year      = {2009},
  volume    = {15},
  number    = {1},
  pages     = {186--197},
  doi       = {10.1002/chem.200800987},
  publisher = {Wiley},
}

@Article{Pyykkoe2009a,
  author    = {Pekka Pyykkö and Michiko Atsumi},
  title     = {Molecular Double-Bond Covalent Radii for Elements Li-E112},
  journal   = {Chem. Eur. J.},
  year      = {2009},
  volume    = {15},
  number    = {46},
  pages     = {12770--12779},
  doi       = {10.1002/chem.200901472},
  publisher = {Wiley},
}

@Article{Pyykkoe2005,
  author    = {Pekka Pyykkö and Sebastian Riedel and Michael Patzschke},
  title     = {Triple-Bond Covalent Radii},
  journal   = {Chem. Eur. J.},
  year      = {2005},
  volume    = {11},
  number    = {12},
  pages     = {3511--3520},
  doi       = {10.1002/chem.200401299},
  publisher = {Wiley},
}

@Article{Batsanov2001,
  author    = {Stepan S. Batsanov},
  title     = {Van der Waals Radii of Elements},
  journal   = {Inorg. Mater.},
  year      = {2001},
  volume    = {37},
  number    = {9},
  pages     = {871--885},
  doi       = {10.1023/a:1011625728803},
  publisher = {Springer Nature},
}

@Article{Mantina2009,
  author    = {Manjeera Mantina and Adam C. Chamberlin and Rosendo Valero and Christopher J. Cramer and Donald G. Truhlar},
  title     = {Consistent van der Waals Radii for the Whole Main Group},
  journal   = {J. Phys. Chem. A},
  year      = {2009},
  volume    = {113},
  number    = {19},
  pages     = {5806--5812},
  doi       = {10.1021/jp8111556},
  publisher = {American Chemical Society ({ACS})},
}

@Article{Bondi1964,
  author    = {A. Bondi},
  title     = {van der Waals Volumes and Radii},
  journal   = {J. Phys. Chem.},
  year      = {1964},
  volume    = {68},
  number    = {3},
  pages     = {441--451},
  doi       = {10.1021/j100785a001},
  publisher = {American Chemical Society ({ACS})},
}

@Article{Rowland1996,
  author    = {Rowland, R. Scott and Taylor, Robin},
  title     = {Intermolecular Nonbonded Contact Distances in Organic Crystal Structures: Comparison with Distances Expected from van der Waals Radii},
  journal   = {J. Phys. Chem.},
  year      = {1996},
  volume    = {100},
  number    = {18},
  pages     = {7384-7391},
  doi       = {10.1021/jp953141+},
  publisher = {American Chemical Society ({ACS})},
}

@Comment{jabref-meta: databaseType:biblatex;}
